@article{Robertson67,
	title={The process of innovation and the diffusion of innovation},
	author={Robertson, Thomas S},
	journal={The Journal of Marketing},
	pages={14--19},
	year={1967},
	publisher={JSTOR}
}

@article{Rogers76,
	title={New product adoption and diffusion},
	author={Rogers, Everett M},
	journal={Journal of Consumer Research},
	volume={2},
	number={4},
	pages={290--301},
	year={1976},
	publisher={The University of Chicago Press}
}
